<record><leader>00000cas a22000007a 4500</leader><controlfield tag="001">10960765</controlfield><controlfield tag="008">840718d19251994wyudn ne      0   a0eng d</controlfield><datafield ind1=" " ind2=" " tag="010"><subfield code="a">sn 84007652 </subfield></datafield><datafield ind1=" " ind2=" " tag="040"><subfield code="a">NSD</subfield><subfield code="b">eng</subfield><subfield code="c">NSD</subfield><subfield code="d">UNP</subfield><subfield code="d">NVO</subfield><subfield code="d">NSD</subfield><subfield code="d">OCL</subfield><subfield code="d">OCLCQ</subfield><subfield code="d">OCLCF</subfield><subfield code="d">OCLCO</subfield></datafield><datafield ind1=" " ind2=" " tag="012"><subfield code="m">d</subfield></datafield><datafield ind1="1" ind2=" " tag="022"><subfield code="a">8750-0825</subfield><subfield code="l">8750-0825</subfield><subfield code="2">1</subfield></datafield><datafield ind1="1" ind2=" " tag="029"><subfield code="a">AU@</subfield><subfield code="b">000020382356</subfield></datafield><datafield ind1=" " ind2=" " tag="032"><subfield code="a">694080</subfield><subfield code="b">USPS</subfield></datafield><datafield ind1=" " ind2=" " tag="037"><subfield code="b">Cheyenne Newspapers, 110 East 17th St., Cheyenne, WY 82001</subfield></datafield><datafield ind1=" " ind2=" " tag="042"><subfield code="a">nsdp</subfield></datafield><datafield ind1=" " ind2=" " tag="043"><subfield code="a">n-us-wy</subfield></datafield><datafield ind1=" " ind2="4" tag="222"><subfield code="a">The Wyoming eagle</subfield></datafield><datafield ind1="0" ind2="4" tag="245"><subfield code="a">The Wyoming eagle.</subfield></datafield><datafield ind1=" " ind2=" " tag="260"><subfield code="a">Cheyenne, Wyo. :</subfield><subfield code="b">[The Eagle Pub. Co.],</subfield></datafield><datafield ind1=" " ind2=" " tag="300"><subfield code="a">v.</subfield></datafield><datafield ind1=" " ind2=" " tag="310"><subfield code="a">Daily (except Sundays/holidays)</subfield><subfield code="b">Sept. 26, 1978-Apr. 1, 1994</subfield></datafield><datafield ind1=" " ind2=" " tag="321"><subfield code="a">Weekly</subfield><subfield code="b">1925-1935</subfield></datafield><datafield ind1=" " ind2=" " tag="321"><subfield code="a">Daily (except Saturday &amp; Sunday),</subfield><subfield code="b">1936-&lt;Feb. 6, 1937&gt;</subfield></datafield><datafield ind1=" " ind2=" " tag="321"><subfield code="a">Daily (except Sunday &amp; Monday),</subfield><subfield code="b">Feb. 10, 1937-Sept. 23, 1978</subfield></datafield><datafield ind1="0" ind2=" " tag="362"><subfield code="a">Vol. 1, no. 1 (May 28, 1925)-v. 69, no. 223 (Apr. 1, 1994).</subfield></datafield><datafield ind1=" " ind2=" " tag="580"><subfield code="a">Sunday issues called: Sunday Wyoming tribune-eagle, Sept. 8, 1968-1994, holiday issues called: The Wyoming tribune-eagle, &lt;1984&gt;-1994.</subfield></datafield><datafield ind1=" " ind2=" " tag="580"><subfield code="a">Merged with: Wyoming state tribune (Cheyenne, Wyo. : 1937), and: Sunday Wyoming tribune-eagle, to form: Wyoming tribune-eagle.</subfield></datafield><datafield ind1=" " ind2="0" tag="651"><subfield code="a">Cheyenne (Wyo.)</subfield><subfield code="v">Newspapers.</subfield></datafield><datafield ind1=" " ind2="0" tag="651"><subfield code="a">Laramie County (Wyo.)</subfield><subfield code="v">Newspapers.</subfield></datafield><datafield ind1=" " ind2="7" tag="655"><subfield code="a">Newspapers.</subfield><subfield code="2">fast</subfield><subfield code="0">(OCoLC)fst01423814</subfield></datafield><datafield ind1=" " ind2="7" tag="651"><subfield code="a">Wyoming</subfield><subfield code="z">Cheyenne.</subfield><subfield code="2">fast</subfield><subfield code="0">(OCoLC)fst01207517</subfield></datafield><datafield ind1=" " ind2="7" tag="651"><subfield code="a">Wyoming</subfield><subfield code="z">Laramie County.</subfield><subfield code="2">fast</subfield><subfield code="0">(OCoLC)fst01225729</subfield></datafield><datafield ind1=" " ind2=" " tag="752"><subfield code="a">United States</subfield><subfield code="b">Wyoming</subfield><subfield code="c">Laramie</subfield><subfield code="d">Cheyenne.</subfield></datafield><datafield ind1="1" ind2=" " tag="775"><subfield code="t">Sunday Wyoming tribune-eagle</subfield><subfield code="w">(DLC)sn 84007650</subfield><subfield code="w">(OCoLC)10745618</subfield></datafield><datafield ind1="1" ind2="7" tag="785"><subfield code="t">Wyoming state tribune (Cheyenne, Wyo. : 1937)</subfield><subfield code="w">(DLC)sn 84007648</subfield><subfield code="w">(OCoLC)10745699</subfield></datafield><datafield ind1="1" ind2="7" tag="785"><subfield code="t">Sunday Wyoming tribune-eagle</subfield><subfield code="x">8750-0809</subfield><subfield code="w">(DLC)sn 84007650</subfield><subfield code="w">(OCoLC)10745618</subfield></datafield><datafield ind1="1" ind2="7" tag="785"><subfield code="t">Wyoming tribune-eagle</subfield><subfield code="x">1075-783X</subfield><subfield code="w">(DLC)sn 93070124</subfield><subfield code="w">(OCoLC)30087687</subfield></datafield></record>